@book{dvoracek2000,
    author = "Dvořáček, Jiří",
    title = "Obecná pedagogika pro techniky",
    year = "2000",
    publisher = "Vydavatelství ČVUT",
    note = "ISBN 80-01-02189-0"
}
@book{vanecek2016,
    author = "Vaněček, David",
    title = "Didaktika technických odborných předmětů",
    year = "2016",
    publisher = "Česká technika - nakladatelství ČVUT",
    note = "ISBN 978-80-01-05991-3"
}
@book{zormanova2012,
    author = "Zormanová, Lucie",
    title = "Výukové metody v pedagogice s praktickými ukázkami",
    year = "2012",
    publisher = "Grada Publishing, a. s.",
    note = "ISBN 978-80-247-4100-0"
}
@book{slavik2012,
    author = "Slavík, Milan",
    title = "Vysokoškolská pedagogika pro odborné vzdělávání",
    year = "2012",
    publisher = "Grada Publishing, a. s.",
    note = "ISBN 977-80-247-4054-6"
}
@book{kropac2006,
    author = "Jiří Kropáč; Jitka Kropáčová  ",
    title = "Didaktická transformace pro technické předměty",
    year = "2006",
    publisher = "Univerzita Palackého v Olomouci",
    note = "ISBN 80-244-1431-7"
}

@article{armstrong_britannica,
    author = "The Editors of Encyclopaedia Britannica,.",
    title = "Henry Edward Armstrong",
    journal = "Encyclopaedia Britannica",
    year = "2019",
    note = "Dostupné online na \url{ https://www.britannica.com/biography/Henry-Edward-Armstrong} [9. 2. 2020]"
}

@article{transakcni_analyza_cata,
    title = "Klíčové pojmy transakční analýzy",
    journal = "Česká asociace transační analýzy - Ta-cata.cz",
    year = "",
    note = "Dostupné online na
    \url{https://ta-cata.cz/transakcni-analyza/} [30. 12. 2019]"
}
@article{armstrong_heuristic_method,
author = {Armstrong, Henry E.},
title = {THE HEURISTIC METHOD OF TEACHING*},
journal = {School Science and Mathematics},
volume = {1},
number = {8},
pages = {395-401},
doi = {10.1111/j.1949-8594.1902.tb00110.x},
url = {https://onlinelibrary.wiley.com/doi/abs/10.1111/j.1949-8594.1902.tb00110.x},
eprint = {https://onlinelibrary.wiley.com/doi/pdf/10.1111/j.1949-8594.1902.tb00110.x},
year = {1902}
}
@article{zieleniecova2012,
    author = "Zieleniecová, Pavla",
    title = "Objevování ve škole - heuristická metoda výuky",
    year = "2012",
    journal = "Doplňkový text k předmětu Pedagogika ve studiu učitelství na MFF UK"
}
@article{talanquer2014,
    author = "Talanquer, Vicente",
    title = "Chemistry Education: Ten Heuristics to Tame",
    year = "2014",
    journal = "Journal of Chemical Education",
    volume = "91",
    pages = "1091-1097"
}
@article{graulich2012,
    author = "Nicole Graulich; Rüdiger Tiemann; and Schreiner, Peter R.",
    title = "Heuristic chemistry - a qualitative study on teaching domain-specific strategies for the six-electron case",
    journal = "Chemistry Education Research and Practice",
    year = "2012",
    volume = "13",
    pages = "337 - 347",
    doi = "10.1039/c1rp90074a"
}
@article{graulich2010,
    author = "Nicole Graulich;  Henning Hopf; and Schreiner, Peter R.",
    title = "Heuristic thinking makes a chemist smart",
    journal = "Chemical Society Reviews",
    year = "2010",
    volume = "39",
    pages = "1503-1512"
}
@article{chemiehrou_tancici_hrozinky,
    author = "",
    title = "Tančící hrozinky",
    year = "2008",
    journal = "Chemie hrou - Databanka domácích pokusů",
    note = "Dostupné online na \url{http://www.chemiehrou.funsite.cz/12.html}"
}
@article{chemiehrou_fotosynteza,
    author = "",
    title = "Tvorba kyslíku při fotosyntéze",
    year = "2008",
    journal = "Chemie hrou - Databanka domácích pokusů",
    note = "Dostupné online na \url{http://www.chemiehrou.funsite.cz/09.html}"
}
@article{prirodovedci_fotosynteza,
    author = "Milada Teplá",
    title = "Tajemství fotosyntézy",
    year = "2018",
    journal = "Přírodovědci.cz",
    note = "Dostupné online na \url{https://www.prirodovedci.cz/chemik/clanky/tajemstvi-fotosyntezy}"
}
@article{nezkreslena_veda_fotosynteza,
    author = "",
    title = "Nezkreslená věda II: 1. Co je to fotosyntéza?",
    year = "2015",
    journal = "Youtube.com",
    note = "Dostupné online na \url{https://www.youtube.com/watch?v=zxhgNmaCVAM}"
}
@article{chemiehrou,
    author = "",
    title = "Chemie hrou - Databanka domácích pokusů",
    year = "2008",
    journal = "Chemie hrou - Databanka domácích pokusů",
    note = "Dostupné online na \url{http://www.chemiehrou.funsite.cz/chempokusy.html}"
}
@article{pokusy_zsletohrad,
    author = "Jarmila Hatková",
    title = "Domácí pokusy z chemie",
    year = "",
    journal = "Projekt EU - Moderně nejen v přírodních vědách",
    note = "Dostupné online na \url{https://www.zsletohrad.cz/eu/chemie/}"
}
@article{chemicke_pokusy_pruk,
    author = "Katedra učitelství a didaktiky chemie Přírodovědecké fakulty Univerzity Karlovy",
    title = "Chemické pokusy",
    year = "2009 - 2020",
    journal = "Studium Chemie - Portál PřF UK pro podporu výuky chemie na SŠ a ZŠ",
    note = "Dostupné online na \url{https://studiumchemie.cz/experiment/}"
}
@book{sulcova2007,
    author = "Renata Šulcová a Hana Böhmová",
    title = "Netradiční experimenty z organické a praktické chemie - přírodní látky, neobvyklé uspořádání a pomůcky",
    year = "2007",
    publisher = "Univerzita Karlova v Praze, Přírodovědecká fakulta",
    note = "ISBN 978-80-86561-81-3"
}
@article{domaci_chemicke_pokusy_dusova,
    author = "Monika Dušová",
    title = "Domácí chemické pokusy",
    year = "2011",
    journal = "",
    note = "Dostupné online na \url{https://sites.google.com/site/dochepo/}"
}
@article{chemicke_prvky,
    author = "Přírodovědecká fakulta UK v Praze",
    title = "Návody na chemické pokusy",
    year = "2015 - 2020",
    journal = "Periodická video tabulka prvků",
    note = "Dostupné online na \url{http://www.chemickeprvky.cz/pokusy/}"
}
@article{elergning_ujak_prednaska,
    author = "Albína Měchurová a Martin Vaško",
    title = "Hlavní řečnické útvary",
    year = "2016",
    journal = "Komunikace a rétorika - distanční studijní text",
    note = "Dostupné online na \url{http://2012.elearning.ujak.cz/mod/page/view.php?id=1074}"
}
@book{rohlikova2012,
    author = "Lucie Rohlíková a Jana Vejvodová",
    title = "Vyučovací metody na vysoké škole : praktický průvodce výukou v prezenční i distanční formě studia",
    year = "2012",
    publisher = "Grada",
    note = "ISBN 978-80-247-4152-9"
}
@article{novotna1985,
    author = "Jarmila Novotná",
    title = "Aktivizace výuky na vysoké škole",
    year = "1985",
    journal = "Sborník prací Filozofické fakulty brněnské univerzity",
    volume = "20",
    note = "Dostupné online na \url{https://digilib.phil.muni.cz/bitstream/handle/11222.digilib/112600/I_PaedagogicaPsychologica_20-1985-1_11.pdf?sequence=1}"
}